@article{cla2018,
	author={Gély, Alain AND Couceiro, Miguel AND Napoli, Amedeo},
	journal={journal name},
	title={Achieving distributivity in formal concept analysis},
	year={2018},
	pages={12}
}

@article{egc2018,
	author={Gély, Alain AND Couceiro, Miguel AND Namir, Yassine AND Napoli, Amedeo},
	journal={journal name},
	title={Contribution à l'étude de la distributivité d'un treillis de concepts},
	year={2018},
	pages={12}
}

@article{MedianAlgebras,
	author={Bandelt, Hans-Jürgen AND Hedlíková, Jarmila},
	journal={Discrete Mathematics},
	title={Median Algebras},
	year={1980},
	pages={30}
}

@article{MedianJoiningNetworks,
	author={Bandelt, Hans-Jürgen AND Forster, Peter AND Röhl Arne},
	journal={Molecular Biology and Evolution},
	title={Median-Joining Networks for Inferring Intraspecific Phylogenies},
	year={1998},
	pages={12}
}

@article{pnas,
	author={Ward, R. H AND Frazier, Barbara L. AND Dew-Jager, Kerry AND Pääbo, Svante},
	journal={Proceesings of the National Academy of Sciences of the United States of America},
	title={Extensive mitochondrial diversity within a single Amerindian tribe},
	year={1991},
	pages={5}
}

@article{MedianConceptLattices,
	author={Priss, Uta},
	journal={journal name},
	title={Representing Median Networks with Concept Lattices},
	year={2013},
	pages={11}
}

@misc{tex,
	title={Tex},
	author={StackExchange},
	howpublished = {Disponible sur : \url{https://tex.stackexchange.com/}},
	note = {Consulté de juillet et août 2018}
}

@misc{stackoverflow,
	title={Stack Overflow},
	author={StackExchange},
	howpublished = {Disponible sur : \url{https://stackoverflow.com/}},
	note = {Consulté de avril à août 2018 }
}

@misc{github,
	title = {Dépôt GitHub du stage},
	howpublished = {Disponible sur : \url{https://github.com/BaptisteMounier/FCA_medianGraph/}},
	note = {Consulté de avril à août 2018 }
}

@misc{coursera,
	title = {Support de cours en ligne},
	author = {Coursera},
	howpublished = {Disponible sur : \url{https://fr.coursera.org/}},
	note = {Consulté de avril à août 2018 }
}

@misc{doc_python,
	title={Documentation Python},
	author = {Python Software Foundation},
	howpublished = {Disponible sur : \url{https://docs.python.org/}},
	note = {Consulté de avril à août 2018 }
}

@misc{doc_python_graphviz,
	title={Documentation Graphviz pour Python},
	author = {Sebastian Bank},
	howpublished = {Disponible sur : \url{https://pypi.org/project/graphviz/}},
	note = {Consulté de avril à août 2018 }
}

@misc{doc_graphviz,
	title={Documentation Graphviz pour Python},
	author = {Ellson, John AND Gansner, Emden AND Hu, Yifan AND Janssen, Erwin AND North, Stephen},
	howpublished = {Disponible sur : \url{https://www.graphviz.org/}},
	note = {Consulté de avril à août 2018 }
}

@misc{conexp,
	title={ConExp application},
	author = {Dr. Serhiy Yevtushenko, Serhiy AND Kaiser, Tim AND Tane, Julian AND ObjedkovEllson, Sergei},
	howpublished = {Disponible sur : \url{http://conexp.sourceforge.net/}},
	note = {Consulté de avril à août 2018 }
}